@book{Proakis,
author = {John G Proakis and Masoud Salehi},
title = {Digital Communications},
edition = {5},
year = {1995}
}

@book{Cecilio,
author = {Cecílio Pimentel},
title = {Comunicação Digital},
edition = {1},
year = {2007}
}

@misc{Gray,
  author = {Ankith Reddy},
  title = {Conversion of Binary to Gray Code },
  howpublished = {\url{https://www.tutorialspoint.com/conversion-of-binary-to-gray-code}},
  note = {Accessed: 2021-03-26}
}